@misc{Castrovince,
  author = {Anthony Castrovince},
  title = {Pitch timer, shift restrictions among announced rule changes for '23},
  year = 2023,
}

@article{Cooley,
  title={REVISITING THE IMPACT OF THE DESIGNATED HITTER ON {M}AJOR {L}EAGUE {B}ASEBALL},
  author={Cooley, Andrew},
  year={2010}
}

@article{Madera,
  title={Effects of rule changes on game-related statistics in mens water polo matches},
  author={Madera, Joaquin and Tella, Victor and Saavedra, Jose M},
  journal={Sports},
  volume={5},
  number={4},
  pages={84},
  year={2017},
  publisher={MDPI}
}

@article{Nourayi,
  title={Strategically driven rule changes in {NBA}: Causes and consequences},
  author={Nourayi, M and others},
  journal={The Sport Journal},
  volume={22},
  pages={1--11},
  year={2019},
  publisher={United States Sports Academy}
}

@article{Price,
	doi = {10.33697/ajur.2022.051},
	url = {https://doi.org/10.33697%2Fajur.2022.051},
	year = 2022,
	month = {apr},
	publisher = {American Journal of Undergraduate Research},
	volume = {18},
	number = {4},
	pages = {3--14},
	author = {Michael Price and Jun Yan},
	title = {The Effects of the {NBA} {COVID} Bubble on the {NBA} Playoffs: A Case Study for Home-Court Advantage},
	journal = {American Journal of Undergraduate Research}
}

@article{Zhang,
  title={The effect of the video assistant referee ({VAR}) on referees' decisions at {FIFA} Women's World Cups},
  author={Zhang, Yeqin and Li, Danyang and G{\'o}mez-Ruano, Miguel-{\'A}ngel and Memmert, Daniel and Li, Chunman and Fu, Ming},
  journal={Frontiers in Psychology},
  volume={13},
  pages={984367},
  year={2022},
  publisher={Frontiers Media SA}
}